<?xml version="1.0" encoding="UTF-8"?><record xmlns="http://www.loc.gov/MARC21/slim" xmlns:cinclude="http://apache.org/cocoon/include/1.0" xmlns:zs="http://www.loc.gov/zing/srw/">
  <leader>00411nz  a2200133n  4500</leader>
  <controlfield tag="001">nr 91021018 </controlfield>
  <controlfield tag="003">DLC</controlfield>
  <controlfield tag="005">19910619072218.8</controlfield>
  <controlfield tag="008">910612n| acannaab|          |a aaa      </controlfield>
  <datafield tag="010" ind1=" " ind2=" ">
    <subfield code="a">nr 91021018 </subfield>
  </datafield>
  <datafield tag="040" ind1=" " ind2=" ">
    <subfield code="a">DLC-R</subfield>
    <subfield code="c">DLC-R</subfield>
  </datafield>
  <datafield tag="100" ind1="1" ind2="0">
    <subfield code="a">Kobayashi, YuĚji.</subfield>
    <subfield code="t">Usagi no Eruna-chan himitsu no sanpo.</subfield>
    <subfield code="l">English</subfield>
  </datafield>
  <datafield tag="400" ind1="1" ind2="0">
    <subfield code="a">Kobayashi, YuĚji.</subfield>
    <subfield code="t">Miss Josephine's secret walk</subfield>
  </datafield>
  <datafield tag="670" ind1=" " ind2=" ">
    <subfield code="a">His Miss Josephine's secret walk, 1991.</subfield>
  </datafield>
</record>